@TechReport{LP,
  author =       {Jeremy Avigad and Robert Y. Lewis and Floris van
                  Doorn},
  title =        {Logic and Proof},
  institution =  {Lean community},
  year =         2020,
  note =         {En \href{https://leanprover.github.io/logic_and_proof}
                  {\url{https://leanprover.github.io/logic_and_proof}}}
}

@TechReport{ML,
  author =       {Jeremy Avigad and Kevin Buzzard and Robert Y. Lewis
                  and Patrick Massot},
  title =        {Mathematics in Lean},
  institution =  {Lean community},
  year =         2020,
  note =         {En
                  \href{https://leanprover-community.github.io/mathematics_in_lean/}
                  {\url{https://leanprover-community.github.io/mathematics_in_lean/}}}
}
